
  <record>
    <leader>01000aam  22002601a 4500</leader>
    <controlfield tag="001">YPZ116</controlfield>
    <controlfield tag="003">YPZ</controlfield>
    <controlfield tag="005">200404290000000</controlfield>
    <controlfield tag="008">040429|###########||||||b||||||||||spa|d</controlfield>
    <datafield tag="040" ind1=" " ind2=" ">
      <subfield code="c">SIUNPA</subfield>
    </datafield>
    <datafield tag="041" ind1=" " ind2=" ">
      <subfield code="a">spa</subfield>
    </datafield>
    <datafield tag="044" ind1=" " ind2=" ">
      <subfield code="a">AR</subfield>
    </datafield>
    <datafield tag="082" ind1=" " ind2=" ">
      <subfield code="a">821.134.2(82)-4 B576h</subfield>
    </datafield>
    <datafield tag="245" ind1=" " ind2=" ">
      <subfield code="a">Premio Municipal de Literatura</subfield>
      <subfield code="b">Ensayo. Homenaje a Domingo Faustino Sarmiento</subfield>
    </datafield>
    <datafield tag="260" ind1=" " ind2=" ">
      <subfield code="a">Córdoba</subfield>
      <subfield code="b">Editorial de la Municipalidad de Córdoba</subfield>
      <subfield code="c">1988</subfield>
    </datafield>
    <datafield tag="942" ind1=" " ind2=" ">
      <subfield code="c">LI</subfield>
    </datafield>
    <datafield tag="952" ind1=" " ind2=" ">
      <subfield code="a">BIB_UASJ</subfield>
      <subfield code="b">BIB_UASJ</subfield>
      <subfield code="d">2005-08-23</subfield>
      <subfield code="y">LI</subfield>
      <subfield code="p">04-21172</subfield>
    </datafield>
  </record>