
  <record>
    <leader>01000aam  22002601a 4500</leader>
    <controlfield tag="001">YPZ131</controlfield>
    <controlfield tag="003">YPZ</controlfield>
    <controlfield tag="005">200404290000000</controlfield>
    <controlfield tag="008">040429|###########||||||b||||||||||spa|d</controlfield>
    <datafield tag="040" ind1=" " ind2=" ">
      <subfield code="c">SIUNPA</subfield>
    </datafield>
    <datafield tag="041" ind1=" " ind2=" ">
      <subfield code="a">spa</subfield>
    </datafield>
    <datafield tag="044" ind1=" " ind2=" ">
      <subfield code="a">AR</subfield>
    </datafield>
    <datafield tag="082" ind1=" " ind2=" ">
      <subfield code="a">021 R444n22</subfield>
    </datafield>
    <datafield tag="110" ind1=" " ind2=" ">
      <subfield code="a">Reunión Nacional de Bibliotecarios (22: 1986: San Juan)</subfield>
    </datafield>
    <datafield tag="245" ind1=" " ind2=" ">
      <subfield code="a">Hacia un sistema nacional de información</subfield>
    </datafield>
    <datafield tag="260" ind1=" " ind2=" ">
      <subfield code="a">Buenos Aires</subfield>
      <subfield code="b">Asociación de Bibliotecarios Graduados en la República Argentina</subfield>
      <subfield code="c">1986</subfield>
    </datafield>
    <datafield tag="500" ind1=" " ind2=" ">
      <subfield code="a">Contiene: El problema de la automatización de bibliotecas : ¿por qué y para qué automatizar? / Enrique Kirby; Elba G. Kirby - ¿Porqué no existe una legislación bibliotecaria / Reinaldo  José Suarez - Evaluación y selección : núcleo del quehacer bibliotecario / Roberto V. Cagnoli - Lista de participantes - Declaración de San Juan - Informativo ABADIN (24 y 25/7/86)</subfield>
    </datafield>
    <datafield tag="942" ind1=" " ind2=" ">
      <subfield code="c">LI</subfield>
    </datafield>
    <datafield tag="952" ind1=" " ind2=" ">
      <subfield code="a">BIB_UARG</subfield>
      <subfield code="b">BIB_UARG</subfield>
      <subfield code="d">2005-08-23</subfield>
      <subfield code="y">LI</subfield>
      <subfield code="p">05-21102</subfield>
    </datafield>
  </record>