
  <record>
    <leader>01000aam  22002601a 4500</leader>
    <controlfield tag="001">YPZ141</controlfield>
    <controlfield tag="003">YPZ</controlfield>
    <controlfield tag="005">200404290000000</controlfield>
    <controlfield tag="008">040429|###########||||||b||||||||||spa|d</controlfield>
    <datafield tag="040" ind1=" " ind2=" ">
      <subfield code="c">SIUNPA</subfield>
    </datafield>
    <datafield tag="041" ind1=" " ind2=" ">
      <subfield code="a">spa</subfield>
    </datafield>
    <datafield tag="044" ind1=" " ind2=" ">
      <subfield code="a">AR</subfield>
    </datafield>
    <datafield tag="082" ind1=" " ind2=" ">
      <subfield code="a">159.961 R473m2</subfield>
    </datafield>
    <datafield tag="100" ind1=" " ind2=" ">
      <subfield code="a">Rhine, J.B.</subfield>
    </datafield>
    <datafield tag="245" ind1=" " ind2=" ">
      <subfield code="a">El nuevo mundo de la mente</subfield>
      <subfield code="c">Ivnisky de Kreiman, Dora, versión castellana</subfield>
    </datafield>
    <datafield tag="250" ind1=" " ind2=" ">
      <subfield code="a">2a ed.</subfield>
    </datafield>
    <datafield tag="260" ind1=" " ind2=" ">
      <subfield code="a">Buenos Aires</subfield>
      <subfield code="b">Paidós</subfield>
      <subfield code="c">1962</subfield>
    </datafield>
    <datafield tag="300" ind1=" " ind2=" ">
      <subfield code="a">296 p.</subfield>
      <subfield code="b">gráf.</subfield>
      <subfield code="a">382 p.</subfield>
    </datafield>
    <datafield tag="440" ind1=" " ind2=" ">
      <subfield code="a">Obras maestras</subfield>
      <subfield code="a">Obras maestras</subfield>
      <subfield code="a">Serie monografías / Gabinete de Investigación de Historia Americana y Argentina</subfield>
      <subfield code="a">Serie Ciencia y técnica en la UBA</subfield>
      <subfield code="a">Ediciones previas. Matemática</subfield>
      <subfield code="a">Biblioteca del hombre contemporáneo</subfield>
      <subfield code="v">88</subfield>
    </datafield>
    <datafield tag="942" ind1=" " ind2=" ">
      <subfield code="c">LI</subfield>
    </datafield>
    <datafield tag="952" ind1=" " ind2=" ">
      <subfield code="a">BIB_UASJ</subfield>
      <subfield code="b">BIB_UASJ</subfield>
      <subfield code="d">2005-08-23</subfield>
      <subfield code="y">LI</subfield>
      <subfield code="p">04-21049</subfield>
    </datafield>
  </record>