
  <record>
    <leader>01000aam  22002601a 4500</leader>
    <controlfield tag="001">YPZ257</controlfield>
    <controlfield tag="003">YPZ</controlfield>
    <controlfield tag="005">200404290000000</controlfield>
    <controlfield tag="008">040429|###########||||||b||||||||||spa|d</controlfield>
    <datafield tag="040" ind1=" " ind2=" ">
      <subfield code="c">SIUNPA</subfield>
    </datafield>
    <datafield tag="041" ind1=" " ind2=" ">
      <subfield code="a">spa</subfield>
      <subfield code="a">eng</subfield>
    </datafield>
    <datafield tag="044" ind1=" " ind2=" ">
      <subfield code="a">AR</subfield>
    </datafield>
    <datafield tag="082" ind1=" " ind2=" ">
      <subfield code="a">630*2 S471d</subfield>
    </datafield>
    <datafield tag="110" ind1=" " ind2=" ">
      <subfield code="a">Seminario Desarrollo de Modelos Biométricos  y de Producción para el Manejo Forestal de Nothofagus Pumilio en Patagonia Sur (2003: Río Gallegos)</subfield>
    </datafield>
    <datafield tag="245" ind1=" " ind2=" ">
      <subfield code="a">Seminario Desarrollo de modelos biométricos y de producción para el manejo forestal de Nothofagus pumilio en Patagonia Sur</subfield>
      <subfield code="b">[material entregado]</subfield>
      <subfield code="c">Peri, Pablo Luis, profesor|Martínez Pastur, Guillermo, profesor|Cellini, Juan Manuel, profesor|Lencinas, María Vanessa, profesor</subfield>
    </datafield>
    <datafield tag="260" ind1=" " ind2=" ">
      <subfield code="a">Río Gallegos</subfield>
      <subfield code="c">2003</subfield>
    </datafield>
    <datafield tag="300" ind1=" " ind2=" ">
      <subfield code="a">201 p.</subfield>
      <subfield code="a">[ca.170] h. en varias foliaciones</subfield>
      <subfield code="b">il.</subfield>
    </datafield>
    <datafield tag="500" ind1=" " ind2=" ">
      <subfield code="a">Fotocopia</subfield>
    </datafield>
    <datafield tag="942" ind1=" " ind2=" ">
      <subfield code="c">LI</subfield>
    </datafield>
    <datafield tag="952" ind1=" " ind2=" ">
      <subfield code="a">BIB_UARG</subfield>
      <subfield code="b">BIB_UARG</subfield>
      <subfield code="d">2005-08-23</subfield>
      <subfield code="y">LI</subfield>
      <subfield code="p">05-21477</subfield>
    </datafield>
  </record>