
  <record>
    <leader>01000aam  22002601a 4500</leader>
    <controlfield tag="001">YPZ384</controlfield>
    <controlfield tag="003">YPZ</controlfield>
    <controlfield tag="005">200404290000000</controlfield>
    <controlfield tag="008">040429|###########||||||b||||||||||spa|d</controlfield>
    <datafield tag="040" ind1=" " ind2=" ">
      <subfield code="c">SIUNPA</subfield>
    </datafield>
    <datafield tag="041" ind1=" " ind2=" ">
      <subfield code="a">spa</subfield>
    </datafield>
    <datafield tag="044" ind1=" " ind2=" ">
      <subfield code="a">AR</subfield>
    </datafield>
    <datafield tag="082" ind1=" " ind2=" ">
      <subfield code="a">638.138 C813p</subfield>
    </datafield>
    <datafield tag="100" ind1=" " ind2=" ">
      <subfield code="a">Cornejo, Luis G.</subfield>
    </datafield>
    <datafield tag="245" ind1=" " ind2=" ">
      <subfield code="a">Polen</subfield>
      <subfield code="b">tecnología de su producción, procesado y comercialización</subfield>
    </datafield>
    <datafield tag="250" ind1=" " ind2=" ">
      <subfield code="a">1a ed.</subfield>
    </datafield>
    <datafield tag="260" ind1=" " ind2=" ">
      <subfield code="a">La Plata</subfield>
      <subfield code="b">Instituto Privado de Tecnología y Enseñanza Apícola</subfield>
      <subfield code="c">1994</subfield>
    </datafield>
    <datafield tag="300" ind1=" " ind2=" ">
      <subfield code="a">113 p.</subfield>
      <subfield code="b">il.</subfield>
    </datafield>
    <datafield tag="942" ind1=" " ind2=" ">
      <subfield code="c">LI</subfield>
    </datafield>
    <datafield tag="952" ind1=" " ind2=" ">
      <subfield code="a">BIB_UART</subfield>
      <subfield code="b">BIB_UART</subfield>
      <subfield code="d">2005-08-23</subfield>
      <subfield code="y">LI</subfield>
      <subfield code="p">03-23445</subfield>
    </datafield>
  </record>