
  <record>
    <leader>01000aam  22002601a 4500</leader>
    <controlfield tag="001">YPZ389</controlfield>
    <controlfield tag="003">YPZ</controlfield>
    <controlfield tag="005">200404290000000</controlfield>
    <controlfield tag="008">040429|###########||||||b||||||||||spa|d</controlfield>
    <datafield tag="040" ind1=" " ind2=" ">
      <subfield code="c">SIUNPA</subfield>
    </datafield>
    <datafield tag="041" ind1=" " ind2=" ">
      <subfield code="a">spa</subfield>
    </datafield>
    <datafield tag="044" ind1=" " ind2=" ">
      <subfield code="a">AR</subfield>
    </datafield>
    <datafield tag="082" ind1=" " ind2=" ">
      <subfield code="a">331 T758t</subfield>
    </datafield>
    <datafield tag="245" ind1=" " ind2=" ">
      <subfield code="a">Trabajo y desocupación</subfield>
      <subfield code="c">Salvia, Agustín, coordinador|Rubio, Alberto, coordinador</subfield>
    </datafield>
    <datafield tag="260" ind1=" " ind2=" ">
      <subfield code="a">Buenos Aires</subfield>
      <subfield code="b">Universidad Católica Argentina, Departamento de Investigación Institucional</subfield>
      <subfield code="c">2002</subfield>
    </datafield>
    <datafield tag="440" ind1=" " ind2=" ">
      <subfield code="a">Colección de Pedagogía práctica</subfield>
      <subfield code="a">Colección Psicología y Educación</subfield>
      <subfield code="a">Programa de evaluación curricular. Proyecto 5, años 1985-1986</subfield>
      <subfield code="a">Programa de evaluación curricular. Proyecto 3, año 1984-1985</subfield>
      <subfield code="a">Programa de evaluación curricular. Proyecto 3, año 1984-1985</subfield>
      <subfield code="a">Programa de evaluación curricular. Proyecto 3, año 1984-1985</subfield>
      <subfield code="a">Programa de evaluación curricular. Proyecto 2, año 1984-1985</subfield>
      <subfield code="a">Colección Anaquel</subfield>
      <subfield code="a">Colección lecturas mínimas</subfield>
      <subfield code="a">Teatro</subfield>
      <subfield code="a">Programa la deuda social argentina</subfield>
      <subfield code="v">1</subfield>
    </datafield>
    <datafield tag="942" ind1=" " ind2=" ">
      <subfield code="c">LI</subfield>
    </datafield>
    <datafield tag="952" ind1=" " ind2=" ">
      <subfield code="a">BIB_UART</subfield>
      <subfield code="b">BIB_UART</subfield>
      <subfield code="d">2005-08-23</subfield>
      <subfield code="y">LI</subfield>
      <subfield code="p">03-23460</subfield>
    </datafield>
    <datafield tag="952" ind1=" " ind2=" ">
      <subfield code="a">BIB_UART</subfield>
      <subfield code="b">BIB_UART</subfield>
      <subfield code="d">2007-03-02</subfield>
      <subfield code="y">LI</subfield>
      <subfield code="p">03-31277</subfield>
    </datafield>
  </record>