
  <record>
    <leader>01000aam  22002601a 4500</leader>
    <controlfield tag="001">YPZ431</controlfield>
    <controlfield tag="003">YPZ</controlfield>
    <controlfield tag="005">200406020000000</controlfield>
    <controlfield tag="008">040602|###########||||||b||||||||||spa|d</controlfield>
    <datafield tag="040" ind1=" " ind2=" ">
      <subfield code="c">SIUNPA</subfield>
    </datafield>
    <datafield tag="041" ind1=" " ind2=" ">
      <subfield code="a">spa</subfield>
    </datafield>
    <datafield tag="044" ind1=" " ind2=" ">
      <subfield code="a">AR</subfield>
    </datafield>
    <datafield tag="082" ind1=" " ind2=" ">
      <subfield code="a">F35.07 L864n</subfield>
    </datafield>
    <datafield tag="100" ind1=" " ind2=" ">
      <subfield code="a">López, Andrea</subfield>
    </datafield>
    <datafield tag="245" ind1=" " ind2=" ">
      <subfield code="a">La nueva gestión pública</subfield>
      <subfield code="b">algunas precisiones para su abordaje conceptual</subfield>
    </datafield>
    <datafield tag="260" ind1=" " ind2=" ">
      <subfield code="a">Buenos Aires</subfield>
      <subfield code="b">INAP</subfield>
      <subfield code="c">2003</subfield>
    </datafield>
    <datafield tag="300" ind1=" " ind2=" ">
      <subfield code="a">28 p.</subfield>
      <subfield code="b">il.</subfield>
    </datafield>
    <datafield tag="440" ind1=" " ind2=" ">
      <subfield code="a">Colección enfoques en educación</subfield>
      <subfield code="a">Semana de autor</subfield>
      <subfield code="a">Serie I, Desarrollo institucional y reforma del estado. Documento</subfield>
      <subfield code="v">no. 68</subfield>
    </datafield>
    <datafield tag="942" ind1=" " ind2=" ">
      <subfield code="c">LI</subfield>
    </datafield>
    <datafield tag="952" ind1=" " ind2=" ">
      <subfield code="a">BIB_UARG</subfield>
      <subfield code="b">BIB_UARG</subfield>
      <subfield code="d">2005-08-23</subfield>
      <subfield code="y">LI</subfield>
      <subfield code="p">05-24437</subfield>
    </datafield>
  </record>