
  <record>
    <leader>01000aam  22002601a 4500</leader>
    <controlfield tag="001">YPZ448</controlfield>
    <controlfield tag="003">YPZ</controlfield>
    <controlfield tag="005">200406160000000</controlfield>
    <controlfield tag="008">040616|###########||||||b||||||||||spa|d</controlfield>
    <datafield tag="040" ind1=" " ind2=" ">
      <subfield code="c">SIUNPA</subfield>
    </datafield>
    <datafield tag="041" ind1=" " ind2=" ">
      <subfield code="a">spa</subfield>
    </datafield>
    <datafield tag="044" ind1=" " ind2=" ">
      <subfield code="a">AR</subfield>
    </datafield>
    <datafield tag="082" ind1=" " ind2=" ">
      <subfield code="a">F599.4 M562m</subfield>
    </datafield>
    <datafield tag="100" ind1=" " ind2=" ">
      <subfield code="a">Merino, Mariano L.</subfield>
    </datafield>
    <datafield tag="700" ind1=" " ind2=" ">
      <subfield code="a">Soave, Guillermo E.</subfield>
    </datafield>
    <datafield tag="245" ind1=" " ind2=" ">
      <subfield code="a">Murciélagos de la provincia de Buenos Aires</subfield>
      <subfield code="b">biología y conservación</subfield>
      <subfield code="c">López, Hugo L., dir.|Crisci, Jorge V., dir.|Schnack, Juan, dir.</subfield>
    </datafield>
    <datafield tag="260" ind1=" " ind2=" ">
      <subfield code="a">La Plata</subfield>
      <subfield code="b">PROBIOTA</subfield>
      <subfield code="b">Facultad de Ciencias Naturales y Museo, Universidad Nacional de La Plata</subfield>
      <subfield code="c">[2000?]</subfield>
    </datafield>
    <datafield tag="300" ind1=" " ind2=" ">
      <subfield code="a">1 h. pleg.</subfield>
      <subfield code="b">il.</subfield>
    </datafield>
    <datafield tag="942" ind1=" " ind2=" ">
      <subfield code="c">LI</subfield>
    </datafield>
    <datafield tag="952" ind1=" " ind2=" ">
      <subfield code="a">BIB_UARG</subfield>
      <subfield code="b">BIB_UARG</subfield>
      <subfield code="d">2005-08-23</subfield>
      <subfield code="y">LI</subfield>
      <subfield code="p">05-X0063</subfield>
    </datafield>
  </record>