
  <record>
    <leader>01000aam  22002601a 4500</leader>
    <controlfield tag="001">YPZ495</controlfield>
    <controlfield tag="003">YPZ</controlfield>
    <controlfield tag="005">200407280000000</controlfield>
    <controlfield tag="008">040728|###########||||||b||||||||||spa|d</controlfield>
    <datafield tag="040" ind1=" " ind2=" ">
      <subfield code="c">SIUNPA</subfield>
    </datafield>
    <datafield tag="041" ind1=" " ind2=" ">
      <subfield code="a">spa</subfield>
    </datafield>
    <datafield tag="044" ind1=" " ind2=" ">
      <subfield code="a">[AR]</subfield>
    </datafield>
    <datafield tag="082" ind1=" " ind2=" ">
      <subfield code="a">339.5 C397c</subfield>
    </datafield>
    <datafield tag="110" ind1=" " ind2=" ">
      <subfield code="a">Centro de Comercio Internacional</subfield>
    </datafield>
    <datafield tag="710" ind1=" " ind2=" ">
      <subfield code="a">Cámara de Exportadores de la República Argentina</subfield>
    </datafield>
    <datafield tag="245" ind1=" " ind2=" ">
      <subfield code="a">La clave del comercio</subfield>
      <subfield code="b">libro de respuestas para pequeños y medianos exportadores</subfield>
    </datafield>
    <datafield tag="260" ind1=" " ind2=" ">
      <subfield code="a">[Buenos Aires]</subfield>
      <subfield code="b">Centro de Comercio Internacional</subfield>
      <subfield code="b">Cámara de Exportadores de la República Argentina</subfield>
      <subfield code="c">2002</subfield>
    </datafield>
    <datafield tag="300" ind1=" " ind2=" ">
      <subfield code="a">2 v.</subfield>
      <subfield code="b">il.</subfield>
      <subfield code="a">2 v.</subfield>
      <subfield code="b">il.</subfield>
      <subfield code="a">[276] h. en varias paginaciones</subfield>
      <subfield code="b">cuadros</subfield>
    </datafield>
    <datafield tag="500" ind1=" " ind2=" ">
      <subfield code="a">Impreso de sitio web</subfield>
    </datafield>
    <datafield tag="942" ind1=" " ind2=" ">
      <subfield code="c">LI</subfield>
    </datafield>
    <datafield tag="952" ind1=" " ind2=" ">
      <subfield code="a">BIB_UACO</subfield>
      <subfield code="b">BIB_UACO</subfield>
      <subfield code="d">2005-08-23</subfield>
      <subfield code="y">LI</subfield>
      <subfield code="p">02-24559</subfield>
    </datafield>
  </record>