
  <record>
    <leader>01000aam  22002601a 4500</leader>
    <controlfield tag="001">YPZ511</controlfield>
    <controlfield tag="003">YPZ</controlfield>
    <controlfield tag="005">200407300000000</controlfield>
    <controlfield tag="008">040730|###########||||||b||||||||||spa|d</controlfield>
    <datafield tag="040" ind1=" " ind2=" ">
      <subfield code="c">SIUNPA</subfield>
    </datafield>
    <datafield tag="041" ind1=" " ind2=" ">
      <subfield code="a">spa</subfield>
    </datafield>
    <datafield tag="044" ind1=" " ind2=" ">
      <subfield code="a">MX</subfield>
    </datafield>
    <datafield tag="082" ind1=" " ind2=" ">
      <subfield code="a">512 R316pr</subfield>
    </datafield>
    <datafield tag="100" ind1=" " ind2=" ">
      <subfield code="a">Redgrave, Persis O.</subfield>
    </datafield>
    <datafield tag="700" ind1=" " ind2=" ">
      <subfield code="a">Roberge, James J.</subfield>
    </datafield>
    <datafield tag="245" ind1=" " ind2=" ">
      <subfield code="a">Práctica programada de álgebra moderna y trigonometría 2</subfield>
      <subfield code="b">estructura y método</subfield>
      <subfield code="c">Meder, Albert E., asesor|Vaca Baroza, Enrique, tr.|Manzur Guzmán, Ángel, tr.|García Carmona, Enrique, rev. técnica</subfield>
    </datafield>
    <datafield tag="250" ind1=" " ind2=" ">
      <subfield code="a">1a ed. en español</subfield>
    </datafield>
    <datafield tag="260" ind1=" " ind2=" ">
      <subfield code="a">México, D.F.</subfield>
      <subfield code="b">Publicaciones Cultural</subfield>
      <subfield code="c">1970</subfield>
    </datafield>
    <datafield tag="500" ind1=" " ind2=" ">
      <subfield code="a">Para acompañar al libro de Dolciani, Berman y Wooton</subfield>
    </datafield>
    <datafield tag="942" ind1=" " ind2=" ">
      <subfield code="c">LI</subfield>
    </datafield>
    <datafield tag="952" ind1=" " ind2=" ">
      <subfield code="a">BIB_UACO</subfield>
      <subfield code="b">BIB_UACO</subfield>
      <subfield code="d">2006-12-21</subfield>
      <subfield code="y">LI</subfield>
      <subfield code="p">02-00598</subfield>
    </datafield>
    <datafield tag="952" ind1=" " ind2=" ">
      <subfield code="a">BIB_UACO</subfield>
      <subfield code="b">BIB_UACO</subfield>
      <subfield code="d">2005-08-23</subfield>
      <subfield code="y">LI</subfield>
      <subfield code="p">02-24602</subfield>
    </datafield>
  </record>