
  <record>
    <leader>01000aam  22002601a 4500</leader>
    <controlfield tag="001">YPZ581</controlfield>
    <controlfield tag="003">YPZ</controlfield>
    <controlfield tag="005">200409180000000</controlfield>
    <controlfield tag="008">040918|###########||||||b||||||||||spa|d</controlfield>
    <datafield tag="040" ind1=" " ind2=" ">
      <subfield code="c">SIUNPA</subfield>
    </datafield>
    <datafield tag="041" ind1=" " ind2=" ">
      <subfield code="a">spa</subfield>
    </datafield>
    <datafield tag="044" ind1=" " ind2=" ">
      <subfield code="a">AR</subfield>
    </datafield>
    <datafield tag="082" ind1=" " ind2=" ">
      <subfield code="a">004 C749a2</subfield>
    </datafield>
    <datafield tag="110" ind1=" " ind2=" ">
      <subfield code="a">Congreso Argentino de Ciencias de la Computación (2 : 1996 : San Luis)</subfield>
    </datafield>
    <datafield tag="710" ind1=" " ind2=" ">
      <subfield code="a">Ateneo de Profesores Universitarios de Computación y Sistemas (4 : 1996 : San Luis)</subfield>
    </datafield>
    <datafield tag="710" ind1=" " ind2=" ">
      <subfield code="a">Workshop sobre Aspectos Teóricos de la Inteligencia Artificial (3 : 1996 : San Luis)</subfield>
    </datafield>
    <datafield tag="245" ind1=" " ind2=" ">
      <subfield code="a">2do. Congreso argentino de ciencias de la computación. 4to. Ateneo de profesores universitarios de computación y sistemas. 3er. Workshop sobre aspectos teóricos de la inteligencia artificial</subfield>
    </datafield>
    <datafield tag="260" ind1=" " ind2=" ">
      <subfield code="a">San Luis</subfield>
      <subfield code="b">Departamento de Informática, Universidad Nacional de San Luis</subfield>
      <subfield code="c">1996</subfield>
    </datafield>
    <datafield tag="942" ind1=" " ind2=" ">
      <subfield code="c">LI</subfield>
    </datafield>
    <datafield tag="952" ind1=" " ind2=" ">
      <subfield code="a">BIB_UACO</subfield>
      <subfield code="b">BIB_UACO</subfield>
      <subfield code="d">2005-08-23</subfield>
      <subfield code="y">LI</subfield>
      <subfield code="p">02-03833</subfield>
    </datafield>
  </record>