
  <record>
    <leader>01000aam  22002601a 4500</leader>
    <controlfield tag="001">YPZ582</controlfield>
    <controlfield tag="003">YPZ</controlfield>
    <controlfield tag="005">200409180000000</controlfield>
    <controlfield tag="008">040918|###########||||||b||||||||||spa|d</controlfield>
    <datafield tag="040" ind1=" " ind2=" ">
      <subfield code="c">SIUNPA</subfield>
    </datafield>
    <datafield tag="041" ind1=" " ind2=" ">
      <subfield code="a">spa</subfield>
    </datafield>
    <datafield tag="044" ind1=" " ind2=" ">
      <subfield code="a">AR</subfield>
    </datafield>
    <datafield tag="082" ind1=" " ind2=" ">
      <subfield code="a">37.014 A691c</subfield>
    </datafield>
    <datafield tag="110" ind1=" " ind2=" ">
      <subfield code="a">Argentina. Ministerio de Educación y Justicia. Dirección General de Planificación Educativa</subfield>
    </datafield>
    <datafield tag="245" ind1=" " ind2=" ">
      <subfield code="a">Currículum y regionalización</subfield>
      <subfield code="b">aportes disciplinarios e interdisciplinarios previos al proceso de regionalización curricular</subfield>
    </datafield>
    <datafield tag="260" ind1=" " ind2=" ">
      <subfield code="a">Buenos Aires</subfield>
      <subfield code="b">Ministerio de Educación y Justicia</subfield>
      <subfield code="b">Organización de los Estados Americanos</subfield>
      <subfield code="c">1988</subfield>
    </datafield>
    <datafield tag="300" ind1=" " ind2=" ">
      <subfield code="a">xii, 688 p.</subfield>
      <subfield code="b">il.</subfield>
      <subfield code="a">[108] h. en varias foliaciones</subfield>
      <subfield code="b">cuadros</subfield>
    </datafield>
    <datafield tag="500" ind1=" " ind2=" ">
      <subfield code="a">Proyecto especial multinacional de regionalización educativa</subfield>
    </datafield>
    <datafield tag="942" ind1=" " ind2=" ">
      <subfield code="c">LI</subfield>
    </datafield>
    <datafield tag="952" ind1=" " ind2=" ">
      <subfield code="a">BIB_UACO</subfield>
      <subfield code="b">BIB_UACO</subfield>
      <subfield code="d">2005-08-23</subfield>
      <subfield code="y">LI</subfield>
      <subfield code="p">02-25255</subfield>
    </datafield>
  </record>