
  <record>
    <leader>01000aam  22002601a 4500</leader>
    <controlfield tag="001">YPZ622</controlfield>
    <controlfield tag="003">YPZ</controlfield>
    <controlfield tag="005">200411010000000</controlfield>
    <controlfield tag="008">041101|###########||||||b||||||||||spa|d</controlfield>
    <datafield tag="040" ind1=" " ind2=" ">
      <subfield code="c">SIUNPA</subfield>
    </datafield>
    <datafield tag="041" ind1=" " ind2=" ">
      <subfield code="a">spa</subfield>
    </datafield>
    <datafield tag="044" ind1=" " ind2=" ">
      <subfield code="a">CU</subfield>
    </datafield>
    <datafield tag="082" ind1=" " ind2=" ">
      <subfield code="a">37.01 E562p</subfield>
    </datafield>
    <datafield tag="110" ind1=" " ind2=" ">
      <subfield code="a">Encuentro por la Unidad de los Educadores Latinoamericanos (1999 : La Habana, Cuba)</subfield>
    </datafield>
    <datafield tag="245" ind1=" " ind2=" ">
      <subfield code="a">Pedagogía '99</subfield>
      <subfield code="b">resúmenes</subfield>
      <subfield code="c">Unesco, org.|Unicef, org.|OEI, org.|Asociación de Educadores de Latinoamérica y El Caribe, org.|Convenio Andrés Bello, org.</subfield>
    </datafield>
    <datafield tag="260" ind1=" " ind2=" ">
      <subfield code="a">La Habana</subfield>
      <subfield code="b">UNESCO</subfield>
      <subfield code="c">[1999]</subfield>
    </datafield>
    <datafield tag="300" ind1=" " ind2=" ">
      <subfield code="a">745 p.</subfield>
    </datafield>
    <datafield tag="942" ind1=" " ind2=" ">
      <subfield code="c">LI</subfield>
    </datafield>
    <datafield tag="952" ind1=" " ind2=" ">
      <subfield code="a">BIB_UACO</subfield>
      <subfield code="b">BIB_UACO</subfield>
      <subfield code="d">2005-08-23</subfield>
      <subfield code="y">LI</subfield>
      <subfield code="p">02-25878</subfield>
    </datafield>
  </record>