
  <record>
    <leader>01000aam  22002601a 4500</leader>
    <controlfield tag="001">YPZ679</controlfield>
    <controlfield tag="003">YPZ</controlfield>
    <controlfield tag="005">200411150000000</controlfield>
    <controlfield tag="008">041115|###########||||||b||||||||||spa|d</controlfield>
    <datafield tag="040" ind1=" " ind2=" ">
      <subfield code="c">SIUNPA</subfield>
    </datafield>
    <datafield tag="041" ind1=" " ind2=" ">
      <subfield code="a">spa</subfield>
    </datafield>
    <datafield tag="044" ind1=" " ind2=" ">
      <subfield code="a">MX</subfield>
    </datafield>
    <datafield tag="082" ind1=" " ind2=" ">
      <subfield code="a">616-083.98 N277a2</subfield>
    </datafield>
    <datafield tag="245" ind1=" " ind2=" ">
      <subfield code="a">Apoyo vital prehospitalario en trauma</subfield>
      <subfield code="c">National Asociación of Emergency Medical Technicians (Estados Unidos). Comité de Apoyo Vital Prehospitalario en Trauma|Colegio Americano de Cirujanos (Estados Unidos)</subfield>
    </datafield>
    <datafield tag="250" ind1=" " ind2=" ">
      <subfield code="a">2a ed.</subfield>
    </datafield>
    <datafield tag="260" ind1=" " ind2=" ">
      <subfield code="a">[México, D.F.]</subfield>
      <subfield code="b">[Dirección General de Sanidad del Ejército Mexicano]</subfield>
      <subfield code="c">[199?]</subfield>
    </datafield>
    <datafield tag="500" ind1=" " ind2=" ">
      <subfield code="a">Edición exclusiva para cursos PHTLS implementados por la Dirección General de Sanidad del Ejército Mexicano</subfield>
    </datafield>
    <datafield tag="500" ind1=" " ind2=" ">
      <subfield code="a">Fotocopia</subfield>
    </datafield>
    <datafield tag="942" ind1=" " ind2=" ">
      <subfield code="c">LI</subfield>
    </datafield>
    <datafield tag="952" ind1=" " ind2=" ">
      <subfield code="a">BIB_UASJ</subfield>
      <subfield code="b">BIB_UASJ</subfield>
      <subfield code="d">2005-08-23</subfield>
      <subfield code="y">LI</subfield>
      <subfield code="p">04-26063</subfield>
    </datafield>
    <datafield tag="952" ind1=" " ind2=" ">
      <subfield code="a">BIB_UASJ</subfield>
      <subfield code="b">BIB_UASJ</subfield>
      <subfield code="d">2005-08-23</subfield>
      <subfield code="y">LI</subfield>
      <subfield code="p">04-26066</subfield>
    </datafield>
  </record>