
  <record>
    <leader>01000aam  22002601a 4500</leader>
    <controlfield tag="001">YPZ700</controlfield>
    <controlfield tag="003">YPZ</controlfield>
    <controlfield tag="005">200411180000000</controlfield>
    <controlfield tag="008">041118|###########||||||b||||||||||spa|d</controlfield>
    <datafield tag="040" ind1=" " ind2=" ">
      <subfield code="c">SIUNPA</subfield>
    </datafield>
    <datafield tag="041" ind1=" " ind2=" ">
      <subfield code="a">spa</subfield>
    </datafield>
    <datafield tag="044" ind1=" " ind2=" ">
      <subfield code="a">MX</subfield>
    </datafield>
    <datafield tag="082" ind1=" " ind2=" ">
      <subfield code="a">94(73) S342c</subfield>
    </datafield>
    <datafield tag="100" ind1=" " ind2=" ">
      <subfield code="a">Schlesinger, Arthur M.</subfield>
    </datafield>
    <datafield tag="245" ind1=" " ind2=" ">
      <subfield code="a">La era de Roosevelt</subfield>
      <subfield code="b">la crisis del orden antiguo 1919-1933</subfield>
      <subfield code="c">Meza Nieto, José, tr.</subfield>
    </datafield>
    <datafield tag="250" ind1=" " ind2=" ">
      <subfield code="a">1a ed. en español</subfield>
    </datafield>
    <datafield tag="260" ind1=" " ind2=" ">
      <subfield code="a">México, D.F.</subfield>
      <subfield code="b">Unión Tipográfica Editorial Hispano Americana</subfield>
      <subfield code="c">1968</subfield>
    </datafield>
    <datafield tag="300" ind1=" " ind2=" ">
      <subfield code="a">382 p.</subfield>
      <subfield code="b">il.</subfield>
      <subfield code="a">xii,517 p.</subfield>
    </datafield>
    <datafield tag="942" ind1=" " ind2=" ">
      <subfield code="c">LI</subfield>
    </datafield>
    <datafield tag="952" ind1=" " ind2=" ">
      <subfield code="a">BIB_UACO</subfield>
      <subfield code="b">BIB_UACO</subfield>
      <subfield code="d">2005-08-23</subfield>
      <subfield code="y">LI</subfield>
      <subfield code="p">02-06935</subfield>
    </datafield>
  </record>