
  <record>
    <leader>01000aam  22002601a 4500</leader>
    <controlfield tag="001">YPZ708</controlfield>
    <controlfield tag="003">YPZ</controlfield>
    <controlfield tag="005">200411300000000</controlfield>
    <controlfield tag="008">041130|###########||||||b||||||||||spa|d</controlfield>
    <datafield tag="040" ind1=" " ind2=" ">
      <subfield code="c">SIUNPA</subfield>
    </datafield>
    <datafield tag="041" ind1=" " ind2=" ">
      <subfield code="a">spa</subfield>
    </datafield>
    <datafield tag="044" ind1=" " ind2=" ">
      <subfield code="a">AR</subfield>
    </datafield>
    <datafield tag="082" ind1=" " ind2=" ">
      <subfield code="a">327 M672m</subfield>
    </datafield>
    <datafield tag="245" ind1=" " ind2=" ">
      <subfield code="a">Mirando al sur</subfield>
      <subfield code="b">visita del Presidente de México a la Argentina</subfield>
    </datafield>
    <datafield tag="260" ind1=" " ind2=" ">
      <subfield code="a">Buenos Aires</subfield>
      <subfield code="b">Embajada de México en Argentina</subfield>
      <subfield code="c">1997</subfield>
    </datafield>
    <datafield tag="300" ind1=" " ind2=" ">
      <subfield code="a">92 p.</subfield>
      <subfield code="a">xviii, 140 ; xvi, 131 p.</subfield>
      <subfield code="a">255 p.</subfield>
      <subfield code="b">il.</subfield>
      <subfield code="a">127,[16] p.</subfield>
      <subfield code="b">il.</subfield>
    </datafield>
    <datafield tag="500" ind1=" " ind2=" ">
      <subfield code="a">Edicion especial de Águila y sol, revista mexicana</subfield>
    </datafield>
    <datafield tag="942" ind1=" " ind2=" ">
      <subfield code="c">LI</subfield>
    </datafield>
    <datafield tag="952" ind1=" " ind2=" ">
      <subfield code="a">BIB_UACO</subfield>
      <subfield code="b">BIB_UACO</subfield>
      <subfield code="d">2005-08-23</subfield>
      <subfield code="y">LI</subfield>
      <subfield code="p">02-26337</subfield>
    </datafield>
  </record>