
  <record>
    <leader>01000aam  22002601a 4500</leader>
    <controlfield tag="001">YPZ743</controlfield>
    <controlfield tag="003">YPZ</controlfield>
    <controlfield tag="005">200503150000000</controlfield>
    <controlfield tag="008">050315|###########||||||b||||||||||spa|d</controlfield>
    <datafield tag="040" ind1=" " ind2=" ">
      <subfield code="c">SIUNPA</subfield>
    </datafield>
    <datafield tag="041" ind1=" " ind2=" ">
      <subfield code="a">spa</subfield>
    </datafield>
    <datafield tag="044" ind1=" " ind2=" ">
      <subfield code="a">AR</subfield>
    </datafield>
    <datafield tag="082" ind1=" " ind2=" ">
      <subfield code="a">111 S322m</subfield>
    </datafield>
    <datafield tag="100" ind1=" " ind2=" ">
      <subfield code="a">Scheler, Max</subfield>
    </datafield>
    <datafield tag="245" ind1=" " ind2=" ">
      <subfield code="a">Metafísica de la libertad</subfield>
      <subfield code="c">Liebling, Walter, tr.|Gómez de la Serna y Favre, J., tr.|Hacker, Curt, tr.|Quintero, Vicente P., tr.</subfield>
    </datafield>
    <datafield tag="260" ind1=" " ind2=" ">
      <subfield code="a">Buenos Aires</subfield>
      <subfield code="b">Nova</subfield>
      <subfield code="c">1960</subfield>
    </datafield>
    <datafield tag="500" ind1=" " ind2=" ">
      <subfield code="a">Contiene: Fenomenología y metafísica de la libertad - Acerca de la idea del hombre - La idea del hombre y la historia - El porvenir del hombre - El saber y la cultura - El hombre en la etapa de la nivelación - Cosmovisión filosófica - Ensayos de una filosofía de la vida</subfield>
    </datafield>
    <datafield tag="942" ind1=" " ind2=" ">
      <subfield code="c">LI</subfield>
    </datafield>
    <datafield tag="952" ind1=" " ind2=" ">
      <subfield code="a">BIB_UARG</subfield>
      <subfield code="b">BIB_UARG</subfield>
      <subfield code="d">2005-08-23</subfield>
      <subfield code="y">LI</subfield>
      <subfield code="p">05-11880</subfield>
    </datafield>
    <datafield tag="952" ind1=" " ind2=" ">
      <subfield code="a">BIB_UARG</subfield>
      <subfield code="b">BIB_UARG</subfield>
      <subfield code="d">2005-08-23</subfield>
      <subfield code="y">LI</subfield>
      <subfield code="p">05-27171</subfield>
    </datafield>
  </record>