
  <record>
    <leader>01000aam  22002601a 4500</leader>
    <controlfield tag="001">YPZ759</controlfield>
    <controlfield tag="003">YPZ</controlfield>
    <controlfield tag="005">200503170000000</controlfield>
    <controlfield tag="008">050317|###########||||||b||||||||||spa|d</controlfield>
    <datafield tag="040" ind1=" " ind2=" ">
      <subfield code="c">SIUNPA</subfield>
    </datafield>
    <datafield tag="041" ind1=" " ind2=" ">
      <subfield code="a">spa</subfield>
    </datafield>
    <datafield tag="044" ind1=" " ind2=" ">
      <subfield code="a">AR</subfield>
    </datafield>
    <datafield tag="082" ind1=" " ind2=" ">
      <subfield code="a">364.272 I433i</subfield>
    </datafield>
    <datafield tag="100" ind1=" " ind2=" ">
      <subfield code="a">Cámeron, Irene</subfield>
    </datafield>
    <datafield tag="700" ind1=" " ind2=" ">
      <subfield code="a">Maillo de Nallar, Gloria</subfield>
    </datafield>
    <datafield tag="245" ind1=" " ind2=" ">
      <subfield code="a">Informar para prevenir</subfield>
      <subfield code="c">García, Dora Alicia, comp.|Cotro, Hugo, rev. y corr.|Saá, Marcelo, colab.|Pérez Vila, José Luis, rev. médica|Díaz, Antonio, rev. médica</subfield>
    </datafield>
    <datafield tag="260" ind1=" " ind2=" ">
      <subfield code="a">Río Gallegos</subfield>
      <subfield code="b">Honorable Concejo Deliberante de Río Gallegos</subfield>
      <subfield code="c">1995</subfield>
    </datafield>
    <datafield tag="942" ind1=" " ind2=" ">
      <subfield code="c">LI</subfield>
    </datafield>
    <datafield tag="952" ind1=" " ind2=" ">
      <subfield code="a">BIB_UACO</subfield>
      <subfield code="b">BIB_UACO</subfield>
      <subfield code="d">2005-08-23</subfield>
      <subfield code="y">LI</subfield>
      <subfield code="p">02-27215</subfield>
    </datafield>
  </record>