
  <record>
    <leader>01000aam  22002601a 4500</leader>
    <controlfield tag="001">YPZ792</controlfield>
    <controlfield tag="003">YPZ</controlfield>
    <controlfield tag="005">200503280000000</controlfield>
    <controlfield tag="008">050328|###########||||||b||||||||||spa|d</controlfield>
    <datafield tag="040" ind1=" " ind2=" ">
      <subfield code="c">SIUNPA</subfield>
    </datafield>
    <datafield tag="041" ind1=" " ind2=" ">
      <subfield code="a">spa</subfield>
    </datafield>
    <datafield tag="044" ind1=" " ind2=" ">
      <subfield code="a">AR</subfield>
    </datafield>
    <datafield tag="082" ind1=" " ind2=" ">
      <subfield code="a">159.922.8 F911p3</subfield>
    </datafield>
    <datafield tag="100" ind1=" " ind2=" ">
      <subfield code="a">Friedlander, Kate</subfield>
    </datafield>
    <datafield tag="245" ind1=" " ind2=" ">
      <subfield code="a">Psicoanálisis de la delincuencia juvenil</subfield>
      <subfield code="c">Bernstein, A. S. de, versión castellana</subfield>
    </datafield>
    <datafield tag="250" ind1=" " ind2=" ">
      <subfield code="a">3a ed.</subfield>
    </datafield>
    <datafield tag="260" ind1=" " ind2=" ">
      <subfield code="a">Buenos Aires</subfield>
      <subfield code="b">Paidós</subfield>
      <subfield code="c">1961</subfield>
    </datafield>
    <datafield tag="300" ind1=" " ind2=" ">
      <subfield code="a">422 p.</subfield>
    </datafield>
    <datafield tag="440" ind1=" " ind2=" ">
      <subfield code="a">Bibliothèque de Philosophie contemporaine. Psychologie et Sociologie</subfield>
      <subfield code="a">Colección ensayos</subfield>
      <subfield code="a">Biblioteca del hombre contemporáneo</subfield>
      <subfield code="v">v. 70</subfield>
    </datafield>
    <datafield tag="942" ind1=" " ind2=" ">
      <subfield code="c">LI</subfield>
    </datafield>
    <datafield tag="952" ind1=" " ind2=" ">
      <subfield code="a">BIB_UARG</subfield>
      <subfield code="b">BIB_UARG</subfield>
      <subfield code="d">2005-08-23</subfield>
      <subfield code="y">LI</subfield>
      <subfield code="p">05-27144</subfield>
    </datafield>
  </record>