
  <record>
    <leader>01000aam  22002601a 4500</leader>
    <controlfield tag="001">YPZ804</controlfield>
    <controlfield tag="003">YPZ</controlfield>
    <controlfield tag="005">200503290000000</controlfield>
    <controlfield tag="008">050329|###########||||||b||||||||||spa|d</controlfield>
    <datafield tag="040" ind1=" " ind2=" ">
      <subfield code="c">SIUNPA</subfield>
    </datafield>
    <datafield tag="041" ind1=" " ind2=" ">
      <subfield code="a">spa</subfield>
    </datafield>
    <datafield tag="044" ind1=" " ind2=" ">
      <subfield code="a">AR</subfield>
    </datafield>
    <datafield tag="082" ind1=" " ind2=" ">
      <subfield code="a">159.91 S334i</subfield>
    </datafield>
    <datafield tag="100" ind1=" " ind2=" ">
      <subfield code="a">Schilder, Paul</subfield>
    </datafield>
    <datafield tag="245" ind1=" " ind2=" ">
      <subfield code="a">Imagen y apariencia del cuerpo humano</subfield>
      <subfield code="c">Krapf, E. Eduardo, presentación de la ed. castellana|Loedel, Eduardo, versión castellana|Corsico, Rubén, supervisión</subfield>
    </datafield>
    <datafield tag="260" ind1=" " ind2=" ">
      <subfield code="a">Buenos Aires</subfield>
      <subfield code="b">Paidós</subfield>
      <subfield code="c">1958</subfield>
    </datafield>
    <datafield tag="300" ind1=" " ind2=" ">
      <subfield code="a">301 p.</subfield>
    </datafield>
    <datafield tag="440" ind1=" " ind2=" ">
      <subfield code="a">Colección Psicología contemporánea</subfield>
      <subfield code="a">Serie Psicodrama, Psicoterapia de grupo y Sociometría</subfield>
      <subfield code="a">Biblioteca de Psiquiatría, Psicopatología y Psicosomática</subfield>
      <subfield code="v">7</subfield>
    </datafield>
    <datafield tag="942" ind1=" " ind2=" ">
      <subfield code="c">LI</subfield>
    </datafield>
    <datafield tag="952" ind1=" " ind2=" ">
      <subfield code="a">BIB_UARG</subfield>
      <subfield code="b">BIB_UARG</subfield>
      <subfield code="d">2005-08-23</subfield>
      <subfield code="y">LI</subfield>
      <subfield code="p">05-27161</subfield>
    </datafield>
  </record>