
  <record>
    <leader>01000aam  22002601a 4500</leader>
    <controlfield tag="001">YPZ806</controlfield>
    <controlfield tag="003">YPZ</controlfield>
    <controlfield tag="005">200503290000000</controlfield>
    <controlfield tag="008">050329|###########||||||b||||||||||spa|d</controlfield>
    <datafield tag="040" ind1=" " ind2=" ">
      <subfield code="c">SIUNPA</subfield>
    </datafield>
    <datafield tag="041" ind1=" " ind2=" ">
      <subfield code="a">spa</subfield>
    </datafield>
    <datafield tag="044" ind1=" " ind2=" ">
      <subfield code="a">AR</subfield>
    </datafield>
    <datafield tag="082" ind1=" " ind2=" ">
      <subfield code="a">616-08 J828r4</subfield>
    </datafield>
    <datafield tag="110" ind1=" " ind2=" ">
      <subfield code="a">Jornadas Argentinas sobre Aspectos Psicosociales en Diálisis y Transplante de Organos (4 : 1996 : Buenos Aires)</subfield>
    </datafield>
    <datafield tag="710" ind1=" " ind2=" ">
      <subfield code="a">Jornadas Rioplatenses sobre Aspectos Psicosociales en Diálisis y Transplante de Organos (1 : 1996 : Buenos Aires)</subfield>
    </datafield>
    <datafield tag="245" ind1=" " ind2=" ">
      <subfield code="a">IV Jornadas Argentinas y I Jornadas Rioplatenses sobre aspectos psicosociales en diálisis y transplante de órganos</subfield>
    </datafield>
    <datafield tag="260" ind1=" " ind2=" ">
      <subfield code="a">Buenos Aires</subfield>
      <subfield code="b">Universidad de Buenos Aires, Facultad de Psicología</subfield>
      <subfield code="c">1996</subfield>
    </datafield>
    <datafield tag="300" ind1=" " ind2=" ">
      <subfield code="a">139 p.</subfield>
      <subfield code="b">il.</subfield>
    </datafield>
    <datafield tag="942" ind1=" " ind2=" ">
      <subfield code="c">LI</subfield>
    </datafield>
    <datafield tag="952" ind1=" " ind2=" ">
      <subfield code="a">BIB_UARG</subfield>
      <subfield code="b">BIB_UARG</subfield>
      <subfield code="d">2005-08-23</subfield>
      <subfield code="y">LI</subfield>
      <subfield code="p">05-27164</subfield>
    </datafield>
  </record>