
  <record>
    <leader>01000aam  22002601a 4500</leader>
    <controlfield tag="001">YPZ823</controlfield>
    <controlfield tag="003">YPZ</controlfield>
    <controlfield tag="005">200504060000000</controlfield>
    <controlfield tag="008">050406|###########||||||b||||||||||spa|d</controlfield>
    <datafield tag="040" ind1=" " ind2=" ">
      <subfield code="c">SIUNPA</subfield>
    </datafield>
    <datafield tag="041" ind1=" " ind2=" ">
      <subfield code="a">spa</subfield>
    </datafield>
    <datafield tag="044" ind1=" " ind2=" ">
      <subfield code="a">AR</subfield>
    </datafield>
    <datafield tag="082" ind1=" " ind2=" ">
      <subfield code="a">378.4 E562u</subfield>
    </datafield>
    <datafield tag="110" ind1=" " ind2=" ">
      <subfield code="a">Encuentro Universidad, Ciencia y Tecnología en el Mercosur (1 : 2000 : Buenos Aires)</subfield>
    </datafield>
    <datafield tag="245" ind1=" " ind2=" ">
      <subfield code="a">Universidad, ciencia y tecnología en el Mercosur</subfield>
      <subfield code="c">Heler, Verónica, comp. y corr.|Finkelberg, Laura, análisis de las encuestas</subfield>
    </datafield>
    <datafield tag="250" ind1=" " ind2=" ">
      <subfield code="a">1a ed.</subfield>
    </datafield>
    <datafield tag="260" ind1=" " ind2=" ">
      <subfield code="a">Buenos Aires</subfield>
      <subfield code="b">Secretaria de Ciencia y Técnica, UBA</subfield>
      <subfield code="c">2000</subfield>
    </datafield>
    <datafield tag="300" ind1=" " ind2=" ">
      <subfield code="a">223 p.</subfield>
      <subfield code="b">il.</subfield>
      <subfield code="a">106 p.</subfield>
      <subfield code="b">il.</subfield>
    </datafield>
    <datafield tag="500" ind1=" " ind2=" ">
      <subfield code="a">Tít. de partida en cub.: 1er encuentro</subfield>
    </datafield>
    <datafield tag="942" ind1=" " ind2=" ">
      <subfield code="c">LI</subfield>
    </datafield>
    <datafield tag="952" ind1=" " ind2=" ">
      <subfield code="a">BIB_UARG</subfield>
      <subfield code="b">BIB_UARG</subfield>
      <subfield code="d">2005-08-23</subfield>
      <subfield code="y">LI</subfield>
      <subfield code="p">05-27418</subfield>
    </datafield>
  </record>