
  <record>
    <leader>01000aam  22002601a 4500</leader>
    <controlfield tag="001">YPZ913</controlfield>
    <controlfield tag="003">YPZ</controlfield>
    <controlfield tag="005">200505170000000</controlfield>
    <controlfield tag="008">050517|###########||||||b||||||||||spa|d</controlfield>
    <datafield tag="040" ind1=" " ind2=" ">
      <subfield code="c">SIUNPA</subfield>
    </datafield>
    <datafield tag="041" ind1=" " ind2=" ">
      <subfield code="a">por</subfield>
      <subfield code="a">spa</subfield>
      <subfield code="a">e</subfield>
    </datafield>
    <datafield tag="044" ind1=" " ind2=" ">
      <subfield code="a">AR</subfield>
    </datafield>
    <datafield tag="082" ind1=" " ind2=" ">
      <subfield code="a">159.9 C749i22</subfield>
    </datafield>
    <datafield tag="110" ind1=" " ind2=" ">
      <subfield code="a">Congreso Interamericano de Psicología (22 : 1989 : Buenos Aires)</subfield>
    </datafield>
    <datafield tag="245" ind1=" " ind2=" ">
      <subfield code="a">Resúmenes = Abstracts</subfield>
    </datafield>
    <datafield tag="246" ind1=" " ind2=" ">
      <subfield code="a">XXII Interamerican Congress of Psychology = XXII Congresso Interamericano de Psycology = XXII Congrès Interaméricaine de Psychologie</subfield>
    </datafield>
    <datafield tag="260" ind1=" " ind2=" ">
      <subfield code="a">Buenos Aires</subfield>
      <subfield code="b">Sociedad Interamericana de Psicología</subfield>
      <subfield code="c">1989</subfield>
    </datafield>
    <datafield tag="942" ind1=" " ind2=" ">
      <subfield code="c">LI</subfield>
    </datafield>
    <datafield tag="952" ind1=" " ind2=" ">
      <subfield code="a">BIB_UASJ</subfield>
      <subfield code="b">BIB_UASJ</subfield>
      <subfield code="d">2005-08-23</subfield>
      <subfield code="y">LI</subfield>
      <subfield code="p">04-27658</subfield>
    </datafield>
  </record>