
  <record>
    <leader>01000aam  22002601a 4500</leader>
    <controlfield tag="001">YPZ914</controlfield>
    <controlfield tag="003">YPZ</controlfield>
    <controlfield tag="005">200505170000000</controlfield>
    <controlfield tag="008">050517|###########||||||b||||||||||spa|d</controlfield>
    <datafield tag="040" ind1=" " ind2=" ">
      <subfield code="c">SIUNPA</subfield>
    </datafield>
    <datafield tag="041" ind1=" " ind2=" ">
      <subfield code="a">spa</subfield>
    </datafield>
    <datafield tag="044" ind1=" " ind2=" ">
      <subfield code="a">AR</subfield>
    </datafield>
    <datafield tag="082" ind1=" " ind2=" ">
      <subfield code="a">616.12-008.331.1 S612a</subfield>
    </datafield>
    <datafield tag="110" ind1=" " ind2=" ">
      <subfield code="a">Simposio sobre Avances en Hipertensión Arterial (2004 : Buenos Aires)</subfield>
    </datafield>
    <datafield tag="710" ind1=" " ind2=" ">
      <subfield code="a">Fundación Alberto J. Roemmers, org.</subfield>
    </datafield>
    <datafield tag="245" ind1=" " ind2=" ">
      <subfield code="a">Hipertensión arterial</subfield>
      <subfield code="b">actas del simposio sobre avances en hipertensión arterial organizado por la Fundación Alberto J. Roemmers el día 13 de abril de 2004 en el aula magna de la Academia Nacional de Medicina</subfield>
      <subfield code="c">Martí, Manuel Luis, ed.|Esper, Ricardo J., ed.</subfield>
    </datafield>
    <datafield tag="260" ind1=" " ind2=" ">
      <subfield code="a">Buenos Aires</subfield>
      <subfield code="b">Fundación Alberto J. Roemmers</subfield>
      <subfield code="c">2004</subfield>
    </datafield>
    <datafield tag="300" ind1=" " ind2=" ">
      <subfield code="a">476 p.</subfield>
      <subfield code="a">145 p.</subfield>
      <subfield code="b">il.</subfield>
    </datafield>
    <datafield tag="942" ind1=" " ind2=" ">
      <subfield code="c">LI</subfield>
    </datafield>
    <datafield tag="952" ind1=" " ind2=" ">
      <subfield code="a">BIB_UASJ</subfield>
      <subfield code="b">BIB_UASJ</subfield>
      <subfield code="d">2005-08-23</subfield>
      <subfield code="y">LI</subfield>
      <subfield code="p">04-27641</subfield>
    </datafield>
  </record>