
  <record>
    <leader>01000aam  22002601a 4500</leader>
    <controlfield tag="001">YPZ1124</controlfield>
    <controlfield tag="003">YPZ</controlfield>
    <controlfield tag="005">200503100000000</controlfield>
    <controlfield tag="008">050310|###########||||||b||||||||||spa|d</controlfield>
    <datafield tag="020" ind1=" " ind2=" ">
      <subfield code="a">0198501250</subfield>
    </datafield>
    <datafield tag="040" ind1=" " ind2=" ">
      <subfield code="c">SIUNPA</subfield>
    </datafield>
    <datafield tag="041" ind1=" " ind2=" ">
      <subfield code="a">eng</subfield>
    </datafield>
    <datafield tag="044" ind1=" " ind2=" ">
      <subfield code="a">US</subfield>
    </datafield>
    <datafield tag="082" ind1=" " ind2=" ">
      <subfield code="a">598.234 B872a</subfield>
    </datafield>
    <datafield tag="100" ind1=" " ind2=" ">
      <subfield code="a">Brooke, Michael</subfield>
    </datafield>
    <datafield tag="245" ind1=" " ind2=" ">
      <subfield code="a">Albatrosses and petrels across the world</subfield>
    </datafield>
    <datafield tag="250" ind1=" " ind2=" ">
      <subfield code="a">1a ed.</subfield>
    </datafield>
    <datafield tag="260" ind1=" " ind2=" ">
      <subfield code="a">New York, N.Y.</subfield>
      <subfield code="b">Oxford University Press</subfield>
      <subfield code="c">2004</subfield>
    </datafield>
    <datafield tag="300" ind1=" " ind2=" ">
      <subfield code="a">xviii, 499 p.</subfield>
    </datafield>
    <datafield tag="440" ind1=" " ind2=" ">
      <subfield code="a">Serie del nuevo mundo</subfield>
      <subfield code="a">Colección ensayos</subfield>
      <subfield code="a">Manuales / Eudeba</subfield>
      <subfield code="a">Prentice Hall Sociology Series</subfield>
      <subfield code="a">McGraw Hill series on computer communications</subfield>
      <subfield code="a">McGraw Hill series in mechanical engineering</subfield>
      <subfield code="a">Schaum's outline series in Mathematics and Statistics</subfield>
      <subfield code="a">Serie de compendios Schaum</subfield>
      <subfield code="a">Serie de compendios Schaum</subfield>
      <subfield code="a">McGraw Hill series in mechanical engineering</subfield>
      <subfield code="a">Pergamon policy studies on international development</subfield>
      <subfield code="a">Pergamon policy studies on international development</subfield>
      <subfield code="a">Academic Press rapid manuscript reproduction</subfield>
      <subfield code="a">Software Quality Institute series</subfield>
      <subfield code="a">Software patterns series</subfield>
      <subfield code="a">Prentice Hall object-oriented series</subfield>
      <subfield code="a">Hewlett-Packard professional books</subfield>
      <subfield code="a">Prentice Hall international series in industrial and systems engineering</subfield>
      <subfield code="a">Object-oriented series</subfield>
      <subfield code="a">The essence of computing series</subfield>
      <subfield code="a">Prentice Hall foundations of modern Linguistics series</subfield>
      <subfield code="a">Yourdon Press computig series</subfield>
      <subfield code="a">Yourdon Press computing Series</subfield>
      <subfield code="a">Yourdon Press computing Series</subfield>
      <subfield code="a">Yourdon Press computing Series</subfield>
      <subfield code="a">Penguin modern economics readings</subfield>
      <subfield code="a">Biological resource management series</subfield>
      <subfield code="a">Bird families of the world</subfield>
      <subfield code="v">11</subfield>
    </datafield>
    <datafield tag="942" ind1=" " ind2=" ">
      <subfield code="c">LI</subfield>
    </datafield>
    <datafield tag="952" ind1=" " ind2=" ">
      <subfield code="a">BIB_UACO</subfield>
      <subfield code="b">BIB_UACO</subfield>
      <subfield code="d">2005-08-23</subfield>
      <subfield code="y">LI</subfield>
      <subfield code="p">16-27135</subfield>
    </datafield>
  </record>