
  <record>
    <leader>01000aam  22002601a 4500</leader>
    <controlfield tag="001">YPZ1135</controlfield>
    <controlfield tag="003">YPZ</controlfield>
    <controlfield tag="005">200404290000000</controlfield>
    <controlfield tag="008">040429|###########||||||b||||||||||spa|d</controlfield>
    <datafield tag="020" ind1=" " ind2=" ">
      <subfield code="a">020140365X</subfield>
    </datafield>
    <datafield tag="040" ind1=" " ind2=" ">
      <subfield code="c">SIUNPA</subfield>
    </datafield>
    <datafield tag="041" ind1=" " ind2=" ">
      <subfield code="a">eng</subfield>
    </datafield>
    <datafield tag="044" ind1=" " ind2=" ">
      <subfield code="a">UK</subfield>
    </datafield>
    <datafield tag="082" ind1=" " ind2=" ">
      <subfield code="a">004.43 B967r2</subfield>
    </datafield>
    <datafield tag="100" ind1=" " ind2=" ">
      <subfield code="a">Burns, Alan</subfield>
    </datafield>
    <datafield tag="700" ind1=" " ind2=" ">
      <subfield code="a">Wellings, Andy</subfield>
    </datafield>
    <datafield tag="245" ind1=" " ind2=" ">
      <subfield code="a">Real-time systems and programming languages</subfield>
    </datafield>
    <datafield tag="250" ind1=" " ind2=" ">
      <subfield code="a">2nd ed.</subfield>
    </datafield>
    <datafield tag="260" ind1=" " ind2=" ">
      <subfield code="a">Harlow</subfield>
      <subfield code="b">Addison-Wesley</subfield>
      <subfield code="c">1997</subfield>
    </datafield>
    <datafield tag="300" ind1=" " ind2=" ">
      <subfield code="a">xvi, 611 p.</subfield>
      <subfield code="b">gráficos</subfield>
    </datafield>
    <datafield tag="942" ind1=" " ind2=" ">
      <subfield code="c">LI</subfield>
    </datafield>
    <datafield tag="952" ind1=" " ind2=" ">
      <subfield code="a">BIB_UACO</subfield>
      <subfield code="b">BIB_UACO</subfield>
      <subfield code="d">2005-08-23</subfield>
      <subfield code="y">LI</subfield>
      <subfield code="p">02-21534</subfield>
    </datafield>
    <datafield tag="952" ind1=" " ind2=" ">
      <subfield code="a">BIB_UACO</subfield>
      <subfield code="b">BIB_UACO</subfield>
      <subfield code="d">2005-08-23</subfield>
      <subfield code="y">LI</subfield>
      <subfield code="p">02-21535</subfield>
    </datafield>
  </record>