
  <record>
    <leader>01000aam  22002601a 4500</leader>
    <controlfield tag="001">YPZ1225</controlfield>
    <controlfield tag="003">YPZ</controlfield>
    <controlfield tag="005">200404290000000</controlfield>
    <controlfield tag="008">040429|###########||||||b||||||||||spa|d</controlfield>
    <datafield tag="020" ind1=" " ind2=" ">
      <subfield code="a">0471540919</subfield>
    </datafield>
    <datafield tag="040" ind1=" " ind2=" ">
      <subfield code="c">SIUNPA</subfield>
    </datafield>
    <datafield tag="041" ind1=" " ind2=" ">
      <subfield code="a">eng</subfield>
    </datafield>
    <datafield tag="044" ind1=" " ind2=" ">
      <subfield code="a">US</subfield>
    </datafield>
    <datafield tag="082" ind1=" " ind2=" ">
      <subfield code="a">546 P962p</subfield>
    </datafield>
    <datafield tag="245" ind1=" " ind2=" ">
      <subfield code="a">Progress in inorganic chemistry</subfield>
      <subfield code="b">volume 21</subfield>
      <subfield code="c">Lippard, Stephen J., ed.</subfield>
    </datafield>
    <datafield tag="260" ind1=" " ind2=" ">
      <subfield code="a">Nueva York, NY</subfield>
      <subfield code="b">Interscience</subfield>
      <subfield code="c">1976</subfield>
    </datafield>
    <datafield tag="300" ind1=" " ind2=" ">
      <subfield code="a">viii, 294 p.</subfield>
      <subfield code="b">gráf.</subfield>
    </datafield>
    <datafield tag="440" ind1=" " ind2=" ">
      <subfield code="a">Oxford series in ecology and evolution</subfield>
      <subfield code="a">Addison-Wesley Series in Computer Science</subfield>
      <subfield code="a">Software patterns series</subfield>
      <subfield code="a">Addison-Wesley Object Technology Series</subfield>
      <subfield code="a">International Computer Science Series</subfield>
      <subfield code="a">Addison-Wesley Object Technology Series</subfield>
      <subfield code="a">Addison-Wesley Object Technology Series</subfield>
      <subfield code="a">Addison-Wesley professional computing series</subfield>
      <subfield code="a">Software solutions</subfield>
      <subfield code="a">The agile software development series</subfield>
      <subfield code="a">SEI Series in software engineering</subfield>
      <subfield code="a">Addison-Wesley Object Technology Series</subfield>
      <subfield code="a">Addison-Wesley Object Technology Series</subfield>
      <subfield code="a">The XP series</subfield>
      <subfield code="a">Addison-Wesley Object Technology Series</subfield>
      <subfield code="a">Addison-Wesley Object Technology Series</subfield>
      <subfield code="a">Addison-Wesley Object Technology Series</subfield>
      <subfield code="a">Addison-Wesley Object Technology Series</subfield>
      <subfield code="a">Object Technology series</subfield>
      <subfield code="a">Addison-Wesley Object Technology Series</subfield>
      <subfield code="a">Addison-Wesley Object Technology Series</subfield>
      <subfield code="a">Methods and cases in conservation science</subfield>
      <subfield code="a">The Irwin advantage series for computer education</subfield>
      <subfield code="a">The Irwin advantage series for computer education</subfield>
      <subfield code="a">The Irwin advantage series for computer education</subfield>
      <subfield code="a">Irwin series in heat transfer</subfield>
      <subfield code="a">Benjamin/Cummings series in the life Sciences</subfield>
      <subfield code="a">Addison-Wesley Object signature Series</subfield>
      <subfield code="a">SEI Series in software engineering</subfield>
      <subfield code="a">Springer series on environmental management</subfield>
      <subfield code="a">Wiley series in probability and statistics</subfield>
      <subfield code="a">Geodiscoveries</subfield>
      <subfield code="a">Progress in inorganic chemistry</subfield>
      <subfield code="v">v. 21</subfield>
    </datafield>
    <datafield tag="942" ind1=" " ind2=" ">
      <subfield code="c">LI</subfield>
    </datafield>
    <datafield tag="952" ind1=" " ind2=" ">
      <subfield code="a">BIB_UARG</subfield>
      <subfield code="b">BIB_UARG</subfield>
      <subfield code="d">2005-08-23</subfield>
      <subfield code="y">LI</subfield>
      <subfield code="p">05-20435</subfield>
    </datafield>
    <datafield tag="952" ind1=" " ind2=" ">
      <subfield code="a">BIB_UARG</subfield>
      <subfield code="b">BIB_UARG</subfield>
      <subfield code="d">2005-08-23</subfield>
      <subfield code="y">LI</subfield>
      <subfield code="p">05-27536</subfield>
    </datafield>
  </record>